@online{starlink-FAQ,
    title = "Starlink FAQ",
    url  = "https://www.starlink.com/faq",
    addendum = "(accessed: 24/01/2021)"
}

@online{starlink-ocean-feasibility,
    title = "Starlink ocean feasibility",
    url  = "https://www.inverse.com/innovation/starlink-will-it-work-on-boats",
    addendum = "(accessed: 24/01/2021)"
}



@online{cloudflare-speed-test,
    title = "Cloudflare speed test",
    url  = "https://speed.cloudflare.com/",
    addendum = "(accessed: 24/01/2021)"
}

@online{coastal-marine-wifi,
    title = "Coastal Marine wifi",
    url  = "https://www.coastalmarinewifi.com/",
    addendum = "(accessed: 24/01/2021)"
}


@online{york-wifi,
    title = "NPERF 3g/4g/5g connection speeds",
    url  = "https://www.nperf.com/en/map/GB/-/-/signal/",
    addendum = "(accessed: 24/01/2021)"
}

@online{long-range-wifi,
    title = "example long range wifi extender",
    url  = "http://www.globalmarinenet.com/product/redport-halo-long-range-wifi-extender-system/#specs",
    addendum = "(accessed: 24/01/2021)"
}



@online{poor-york-4g,
    title = "York has notably poor 4G",
    url  = "https://www.techdigest.tv/2019/12/1-in-3-constituencies-hit-by-poor-4g-and-slow-broadband.html",
    addendum = "(accessed: 24/01/2021)"
}

@online{wind-solar-correlation,
    title = "Wind and solar are negatively correlated",
    url  = "https://www.techdigest.tv/2019/12/1-in-3-constituencies-hit-by-poor-4g-and-slow-broadband.html",
    addendum = "(accessed: 24/01/2021)"
}

@online{boat-power-1,
    title = "Boat power calculations - 1",
    url  = "https://www.save-marine.com/en/electricity-cruising-sailboat#:~:text=For%2010%20hours%20of%20navigation,dock%20power%20post%20at%20harbour.",
    addendum = "(accessed: 25/01/2021)"
}

@online{boat-power-2,
    title = "Boat power calculations - 2",
    url  = "https://www.sailboat-cruising.com/boat-electrics.html",
    addendum = "(accessed: 25/01/2021)"
}

@online{boat-power-3,
    title = "Boat power calculations - 3",
    url  = "https://www.liboatingworld.com/single-post/2017/08/12/understanding-your-boats-electrical-power-needs-pt-i",
    addendum = "(accessed: 25/01/2021)"
}

@online{sv-delos-budget,
    title = "Example budget for a 53 foot yacht",
    url  = "https://svdelos.com/travel-blogs/afford-sail-part-2-brian/",
    addendum = "(accessed: 27/01/2021)"
}

